<record xmlns="http://www.loc.gov/MARC21/slim" xmlns:xsi="http://www.w3.org/2001/XMLSchema-instance" xsi:schemaLocation="http://www.loc.gov/MARC21/slim http://www.loc.gov/standards/marcxml/schema/MARC21slim.xsd"><leader>     nam a22        4500</leader><controlfield tag="001">3071744</controlfield><controlfield tag="003">NNC</controlfield><controlfield tag="006">m        d        </controlfield><controlfield tag="007">cr cn |||m|||a</controlfield><controlfield tag="008">150313s1932    ua      o     000 0 ara d</controlfield><datafield ind1=" " ind2=" " tag="040"><subfield code="a">NNU</subfield><subfield code="b">eng</subfield><subfield code="e">rda</subfield><subfield code="c">NNU</subfield></datafield><datafield ind1=" " ind2=" " tag="090"><subfield code="a">BP195.S18</subfield><subfield code="b">A74 1932</subfield></datafield><datafield ind1="0" ind2="0" tag="245"><subfield code="6">880-01</subfield><subfield code="a">&#699;Ashar rasa&#772;&#700;il wa-&#699;aqa&#772;&#700;id salafi&#772;yah /</subfield><subfield code="c">&#699;uniya&#769; bi-nashriha&#772; ... wa-tas&#803;h&#803;i&#772;hiha&#772; Muh&#803;ammad Ah&#803;mad &#699;Abd-al-Sala&#772;m.</subfield></datafield><datafield ind1="1" ind2=" " tag="246"><subfield code="i">Title on t.p.:</subfield><subfield code="a">Risa&#772;lat Lum&#699;at al-i&#699;tiqa&#772;d ... wa-yali&#772;ha&#772; &#699;Aqi&#772;dat al-Ima&#772;m Ibn Abi&#772; Da&#772;wud s&#803;a&#772;h&#803;ib al-Sunan (manz&#803;u&#772;mah) wa-yali&#772;ha&#772; &#699;Aqi&#772;dat al-Ima&#772;m Abi&#772; al-Khat&#803;t&#803;a&#772;b al-Kalwadha&#772;ni&#772; (manzu&#772;mah) wa-yali&#772;ha&#772; ... [etc.]</subfield></datafield><datafield ind1=" " ind2=" " tag="250"><subfield code="a">al-T&#803;ab&#699;ah 1.</subfield></datafield><datafield ind1=" " ind2=" " tag="260"><subfield code="6">880-02</subfield><subfield code="a">Mis&#803;r :</subfield><subfield code="b">Mat&#803;ba&#699;at al-Mana&#772;r,</subfield><subfield code="c">1351 [1932]</subfield></datafield><datafield ind1=" " ind2=" " tag="300"><subfield code="a">online resource (72 pages)</subfield></datafield><datafield ind1=" " ind2=" " tag="336"><subfield code="a">text</subfield><subfield code="2">rdacontent</subfield></datafield><datafield ind1=" " ind2=" " tag="337"><subfield code="a">computer</subfield><subfield code="2">rdamedia</subfield></datafield><datafield ind1=" " ind2=" " tag="338"><subfield code="a">online resource</subfield><subfield code="2">rdacarrier</subfield></datafield><datafield ind1="1" ind2=" " tag="490"><subfield code="a">al-Jam&#699;i&#772;yah al-Salafi&#772;yah ;</subfield><subfield code="v">Rasa&#772;&#700;il: 5</subfield></datafield><datafield ind1=" " ind2=" " tag="500"><subfield code="a">Cover title.</subfield></datafield><datafield ind1=" " ind2=" " tag="500"><subfield code="a">Part of the Arabic Collections Online (ACO) project, contributed by Columbia University Libraries.</subfield></datafield><datafield ind1="0" ind2=" " tag="505"><subfield code="a">1. Lum&#699;at al-i&#699;tiqa&#772;d lil-Ima&#772;m Ibn Quda&#772;mah -- 2. Manz&#803;umat al-Ima&#772;m Ibn Abi&#772; Da&#772;wud s&#803;a&#772;h&#803;ib al-Sunan -- 3. Manz&#803;umat al-Ima&#772;m al-Kalwadha&#772;ni&#772; al-ra&#772;bi&#699;ah -- 4. &#699;Aqidat al-Ima&#772;m Abi&#772; H&#803;asan al-Ash&#699;ari&#772; -- 5. Dhamm al-ta&#700;wi&#772;l lil-Ima&#772;m Ibn Quda&#772;mah ayd&#803;an -- 6. al-Tuh&#803;af bi-madha&#772;hib al-salaf lil-Qa&#772;di&#772; al-Shawka&#772;ni&#772; -- 7. I&#772;d&#803;a&#772;h&#803; li-mas&#700;alat al-ma&#699;i&#772;yah wa-hiya ta&#699;li&#772;q lil-Sayyid al-Ima&#772;m Muh&#803;ammad Rashi&#772;d Rida&#772; &#699;ala&#769; al-Tuh&#803;af -- 8. Fatwa&#769; al-Usta&#772;dh al-Shaykh &#699;Abd al-Maji&#772;d Sali&#772;m al-mufti&#772; al-ha&#772;li&#772; fi&#772; al-&#699;alu&#772; -- 9. Kalimah khita&#772;mi&#772;yah, wa-nas&#803;i&#772;hat &#699;asjadi&#772;yah li-Muh&#803;ammad Ah&#803;mad &#699;Abd al-Sala&#772;m -- 10. Risa&#772;lah fi&#772; bid&#699; al-s&#803;ala&#772;h lahu ayd&#803;an.</subfield></datafield><datafield ind1=" " ind2=" " tag="533"><subfield code="a">Electronic reproduction.</subfield><subfield code="b">New York, N.Y. :</subfield><subfield code="c">New York University,</subfield><subfield code="d">2015.</subfield><subfield code="5">NNU</subfield></datafield><datafield ind1=" " ind2="0" tag="650"><subfield code="a">Salafi&#772;yah.</subfield></datafield><datafield ind1=" " ind2="0" tag="650"><subfield code="a">Islam</subfield><subfield code="x">Doctrines.</subfield></datafield><datafield ind1=" " ind2="7" tag="650"><subfield code="a">Islam</subfield><subfield code="x">Doctrines.</subfield><subfield code="2">fast</subfield><subfield code="0">(OCoLC)fst00979787</subfield></datafield><datafield ind1=" " ind2="7" tag="650"><subfield code="a">Salafi&#772;yah.</subfield><subfield code="2">fast</subfield><subfield code="0">(OCoLC)fst01103729</subfield></datafield><datafield ind1="1" ind2=" " tag="700"><subfield code="6">880-03</subfield><subfield code="a">&#699;Abd-al-Sala&#772;m, Muh&#803;ammad Ahmad.</subfield></datafield><datafield ind1="1" ind2=" " tag="700"><subfield code="a">Ibn Quda&#772;mah, Muwaffaq al-Di&#772;n &#699;Abd Alla&#772;h ibn Ah&#803;mad,</subfield><subfield code="d">1147-1223.</subfield><subfield code="t">Lum&#699;at al-i&#699;tiqa&#772;d.</subfield></datafield><datafield ind1="1" ind2=" " tag="700"><subfield code="a">Sijista&#772;ni&#772;, &#699;Abd Alla&#772;h ibn Sulayma&#772;n,</subfield><subfield code="d">845-928 or 929.</subfield><subfield code="t">Manz&#803;u&#772;mah.</subfield></datafield><datafield ind1="1" ind2=" " tag="700"><subfield code="a">Kalwadha&#772;ni&#772;, Mah&#803;fu&#772;z&#803; ibn Ah&#803;mad,</subfield><subfield code="d">1041-1116.</subfield><subfield code="t">Manz&#803;u&#772;mah al-ra&#772;bi&#699;ah.</subfield></datafield><datafield ind1="1" ind2=" " tag="700"><subfield code="a">Ash&#699;ari&#772;, Abu&#772; al-H&#803;asan &#699;Ali&#772; ibn Isma&#772;&#699;i&#772;l,</subfield><subfield code="d">873?-935?</subfield><subfield code="t">&#699;Aqidah.</subfield></datafield><datafield ind1="1" ind2=" " tag="700"><subfield code="a">Ibn Quda&#772;mah, Muwaffaq al-Di&#772;n &#699;Abd Alla&#772;h ibn Ah&#803;mad,</subfield><subfield code="d">1147-1223.</subfield><subfield code="t">Dhamm al-ta&#700;wi&#772;l.</subfield></datafield><datafield ind1="1" ind2=" " tag="700"><subfield code="a">Shawka&#772;ni&#772;, Muh&#803;ammad ibn &#699;Ali&#772;,</subfield><subfield code="d">1759-1839.</subfield><subfield code="t">Tuh&#803;af bi-madha&#772;hib al-salaf.</subfield></datafield><datafield ind1="0" ind2=" " tag="700"><subfield code="a">Muh&#803;ammad Rashi&#772;d Rid&#803;a&#772;.</subfield><subfield code="t">I&#772;d&#803;a&#772;h&#803; li-mas&#700;alat al-ma&#699;i&#772;yah.</subfield></datafield><datafield ind1="1" ind2=" " tag="700"><subfield code="a">Sali&#772;m, &#699;Abd al-Maji&#772;d.</subfield><subfield code="t">Fatwa&#769;.</subfield></datafield><datafield ind1="1" ind2=" " tag="700"><subfield code="a">&#699;Abd al-Sala&#772;m, Muh&#803;ammad Ah&#803;mad.</subfield><subfield code="t">Kalimah khita&#772;mi&#772;yah, wa-nas&#803;i&#772;hat &#699;asjadi&#772;yah.</subfield></datafield><datafield ind1="1" ind2=" " tag="700"><subfield code="a">&#699;Abd al-Sala&#772;m, Muh&#803;ammad Ah&#803;mad.</subfield><subfield code="t">Risa&#772;lah fi&#772; bid&#699; al-s&#803;ala&#772;h.</subfield></datafield><datafield ind1="2" ind2=" " tag="710"><subfield code="a">Columbia University.</subfield><subfield code="b">Libraries.</subfield></datafield><datafield ind1="0" ind2=" " tag="730"><subfield code="a">Arabic Collections Online.</subfield></datafield><datafield ind1="0" ind2="8" tag="776"><subfield code="i">Print version:</subfield><subfield code="t">&#699;Ashar rasa&#772;&#700;il wa-&#699;aqa&#772;&#700;id salafi&#772;yah</subfield><subfield code="w">(NNC)3071744</subfield><subfield code="w">(OCoLC)47822655</subfield></datafield><datafield ind1=" " ind2="0" tag="830"><subfield code="a">Jam&#699;i&#772;yah al-Salafi&#772;yah ;</subfield><subfield code="v">Rasa&#772;&#700;il: 5.</subfield></datafield><datafield ind1="4" ind2="0" tag="856"><subfield code="u">http://hdl.handle.net/2333.1/8w9gj0ft</subfield></datafield><datafield ind1="0" ind2="0" tag="880"><subfield code="6">245-01/r</subfield><subfield code="a">&#1593;&#1588;&#1585; &#1585;&#1587;&#1575;&#1574;&#1604; &#1608; &#1593;&#1602;&#1575;&#1574;&#1583; &#1587;&#1604;&#1601;&#1610;&#1577; /</subfield><subfield code="c">&#1593;&#1606;&#1610; &#1576;&#1606;&#1588;&#1585;&#1607;&#1575; ... &#1608; &#1578;&#1589;&#1581;&#1610;&#1581;&#1607;&#1575; &#1605;&#1581;&#1605;&#1583; &#1571;&#1581;&#1605;&#1583; &#1593;&#1576;&#1583; &#1575;&#1604;&#1587;&#1604;&#1575;&#1605;(&#1605;&#1572;&#1587;&#1587; &#1575;&#1604;&#1580;&#1605;&#1593;&#1610;&#1577; &#1575;&#1604;&#1587;&#1604;&#1601;&#1610;&#1577; &#1576;&#1575;&#1604;&#1581;&#1608;&#1575;&#1605;&#1583;&#1610;&#1577;&#1548; &#1580;&#1610;&#1586;&#1577;).</subfield></datafield><datafield ind1=" " ind2=" " tag="880"><subfield code="6">260-02/r</subfield><subfield code="a">&#1605;&#1589;&#1585; :</subfield><subfield code="b">&#1605;&#1591;&#1576;&#1593;&#1577; &#1575;&#1604;&#1605;&#1606;&#1575;&#1585;&#1548;</subfield><subfield code="c">&#1633;&#1635;&#1637;&#1633;&#1726; [&#1633;&#1641;&#1635;&#1634;&#1605;]</subfield></datafield><datafield ind1="0" ind2=" " tag="880"><subfield code="6">490-00/r</subfield><subfield code="a">&#1575;&#1604;&#1580;&#1605;&#1593;&#1576;&#1577; &#1575;&#1604;&#1587;&#1604;&#1601;&#1610;&#1577; &#1563;</subfield><subfield code="v">&#1575;&#1604;&#1585;&#1587;&#1575;&#1604;&#1577; &#1637;</subfield></datafield><datafield ind1="1" ind2=" " tag="880"><subfield code="6">700-03/r</subfield><subfield code="a">&#1593;&#1576;&#1583; &#1575;&#1604;&#1587;&#1604;&#1575;&#1605;, &#1605;&#1581;&#1605;&#1583; &#1571;&#1581;&#1605;&#1583;.</subfield></datafield><datafield ind1=" " ind2=" " tag="959"><subfield code="a">NNU</subfield><subfield code="b">WEB</subfield><subfield code="c">GENI</subfield><subfield code="t">0</subfield><subfield code="m">Electronic access</subfield><subfield code="s">01</subfield></datafield><datafield ind1=" " ind2=" " tag="999"><subfield code="i">NNC_3071744</subfield><subfield code="o">(OCoLC)ocm47822655 </subfield><subfield code="s">columbia_aco000532</subfield><subfield code="e">(ERROR-880)</subfield></datafield></record>